
@book{dantzig,
	author = {Dantzig, G.B.  and Fulkerson, D.R.  and Johnson, S.M. },
	title = {Operations Research
	2},
	date = {1954},
	maintitle = {olution of
	a large-scale traveling salesman problem},
	pages = {393-410},
}
